1676 3164
0 0 17 140 i

0 142 12 235 l
78 156 81 159 ”
410 186 502 237 AD
536 188 669 235 SVA
701 187 1119 236 PoLYmANA.
1376 203 1466 249 nu

0 258 16 397 ἱ
61 309 200 360 ausim
227 306 527 376 praefatIOnem
555 310 611 360 ad
646 311 879 373 Polybium
906 315 1218 378 pragmaticam
1249 311 1464 377 polliceri,

0 398 3 415 =
58 385 132 428 cui
160 377 475 428 conscribendae
505 399 656 446 parem
683 400 756 429 me
785 388 879 430 non
903 379 987 429 esse
1014 374 1178 439 sentio;
1210 380 1465 448 videturque

61 453 125 506 is,
158 466 289 516 quem
305 447 444 496 modo
463 452 639 499 honoris
657 467 763 515 ergo
779 453 1089 508 nominabam,
1121 455 1175 499 V.
1194 453 1246 497 C.
1268 450 1337 498 illa
1357 470 1462 516 prz-

59 516 249 574 fadone,
277 536 360 583 qua
377 515 566 566 frontem
587 519 754 581 Polybii
775 519 1022 587 Liplienlis,
1052 533 1256 587 tanquam
1286 517 1462 585 fastigio,

58 585 416 654 splendidiffimo,
434 589 672 645 exornabit,¹
699 606 832 636 omne
851 587 1111 637 defiderium
1128 606 1270 656 opera:
1291 589 1462 650 nostrat,

58 675 152 724 quae
171 656 372 709 tralaticia
388 662 433 707 ὅ(
453 656 770 705 contemnenda
791 658 866 715 est,
883 657 1163 708 exstincturus
1181 656 1278 708 effe.
1329 664 1460 707 Inter-

59 744 109 774 ea
130 723 272 773 donec
289 725 358 772 illa
385 729 428 773 in
458 726 681 790 publicum
711 725 914 792 prodeat,
948 726 1001 777 de
1022 729 1204 790 Polybio
1226 726 1459 794 expolitio,

53 812 190 863 quam
217 791 379 842 necesse
406 794 466 842 est
491 801 652 844 caeteris*
678 794 886 853 fimilem,
917 799 961 846 11.
983 815 1020 845 e.
1046 801 1092 845 ὅ(
1119 795 1296 846 dodam
1319 801 1457 847 &ex-

58 861 208 931 quisita
235 881 341 911 cum
365 867 571 912 orationis
599 865 806 930 elegantia
837 880 1054 914 exaratam
1088 864 1212 924 esse,
1230 870 1346 914 iuvat
1370 868 1458 918 hoo

57 933 160 983 loco
181 931 323 981 nostra
347 931 546 999 quaedam
566 953 670 982 cum
689 933 744 982 de
766 932 858 1000 ipso
878 934 1111 993 historico,
1141 933 1310 984 tumde
1330 938 1457 995 intera

57 1003 246 1069 pretibus
276 1005 364 1050 eius
395 1001 710 1070 editoribusque
737 1008 925 1068 cogitata
952 1008 999 1054 ὅ(
1025 1002 1243 1055 observata
1260 1022 1338 1072 per
1362 1004 1456 1058 lans

59 1090 161 1121 cem
177 1069 387 1134 satyram,
414 1070 533 1138 quod
553 1076 694 1130 aiunt,
723 1070 958 1122 effundere.
984 1076 993 1079 '⁷

155 1209 327 1270 Polybii
356 1208 500 1256 multa:
518 1206 616 1258 sunt
636 1207 904 1276 insignesque
925 1208 1096 1267 laudes,
1125 1226 1231 1277 quas
1249 1207 1282 1257 fi
1301 1200 1455 1263 omnes

55 1275 229 1346 exstqui
250 1282 442 1326 oratione
463 1279 616 1335 velim,
649 1283 695 1327 ὅ(
727 1297 964 1346 nequeam,
995 1283 1173 1327 materia
1202 1282 1310 1326 vires
1331 1275 1452 1325 exsu-

51 1363 254 1415 perante,
281 1352 327 1396 &
355 1350 501 1396 actum
528 1366 671 1413 agam.
738 1348 868 1398 Nulla
896 1353 1015 1397 enim
1045 1352 1178 1396 caruit
1196 1361 1291 1396 aetas
1307 1349 1452 1394 homi·

0 1458 6 1464 .
53 1436 165 1469 uum
186 1421 259 1474 iis,
289 1418 426 1485 quiin
446 1418 525 1466 illis
546 1417 807 1466 celebrandis
834 1420 958 1465 multi
988 1430 1119 1484 atque
1145 1415 1279 1465 seduli
1304 1412 1449 1465 essent.

50 1485 139 1535 Sed
166 1500 434 1552 agnoverunt
464 1485 597 1536 iidem
625 1505 770 1536 naevos
796 1505 966 1554 quoque
998 1487 1165 1549 Polybii
1188 1504 1278 1534 non
1305 1488 1450 1538 minua,

52 1555 266 1621 infignes,
297 1558 342 1603 in
361 1557 510 1623 quibus
530 1556 656 1605 facile
675 1560 872 1621 princeps
889 1556 949 1604 est
971 1556 1038 1604 illa
1057 1551 1333 1621 profefforia‚
1361 1556 1454 1602 hoc·

53 1623 140 1681 est,
169 1622 444 1692 supercilii&
470 1623 599 1674 fastus
627 1639 754 1692 atque
771 1623 1003 1674 insolentiae
1029 1626 1179 1691 plena,
1205 1622 1382 1672 molesta
1400 1626 1448 1676 &4

52 1691 202 1743 odiosa
228 1693 413 1743 docendi
436 1697 481 1743 ὃ(
505 1694 779 1761 praecipiendi
802 1698 937 1752 ratio,
970 1698 1014 1743 in
1034 1694 1201 1742 levibus
1223 1698 1268 1742 &
1291 1694 1445 1758 aperti:

48 1778 174 1830 atque
209 1768 256 1813 iu
289 1762 438 1812 medio
469 1763 616 1830 politis
645 1763 888 1830 ingerendis
915 1767 1161 1830 importuna
1188 1767 1234 1812 ὅ(
1257 1759 1447 1814 modum

49 1832 276 1883 excedens.
344 1837 474 1883 Tum
500 1838 629 1882 nimis
649 1847 843 1900 apertum
864 1837 910 1880 <Sc
929 1837 1127 1900 iniquum
1145 1833 1446 1881 Romanarum

46 1908 235 1969 partium
272 1901 487 1961 studium,
529 1903 646 1971 quod
681 1922 782 1951 eum
816 1900 923 1968 saepe
958 1906 1145 1950 invitum
1168 1905 1215 1950 ὅ(
1238 1900 1354 1949 velut
1382 1916 1445 1947 re-

46 1973 305 2030 luelantetm
331 1970 439 2039 saepe
470 1972 605 2021 rursus
637 1970 981 2038 imprudentem,
1014 1972 1267 2038 plerumque
1295 1968 1444 2017 velen«-

47 2055 161 2097 tem‚
199 2045 245 2089 in
270 2040 551 2092 transversum
568 2047 680 2109 egit,
710 2055 755 2089 ut
781 2040 934 2089 eadem
954 2039 1141 2088 libidinis
1163 2037 1444 2104 turpitudine-5

50 2115 248 2177 quamin
274 2112 367 2160 aliis
395 2126 539 2171 notat,
571 2116 792 2161 veritatem
810 2128 954 2158 rerum
974 2109 1188 2175 gestarum
1208 2106 1443 2160 mendacio,

46 2195 364 2246 corrumperet,
390 2181 654 2249 nitidamque
670 2184 759 2228 eius
781 2180 923 2241 lucem
943 2179 1198 2227 adulationis
1219 2174 1443 2227 cuiusdam

44 2263 119 2296 aut
138 2247 478 2299 diffimulationis
495 2251 648 2300 nebula
668 2247 785 2316 quafi
795 2246 1051 2297 obscuraret.
1095 2252 1203 2314 Qae
1211 2260 1356 2295 tamen
1367 2244 1444 2309 illi,

44 2337 138 2384 quae
161 2323 199 2366 ei
224 2320 400 2385 obtigit,
424 2318 622 2368 nascendi
639 2316 740 2367 sorti
757 2316 1049 2384 fortunisque,
1079 2319 1231 2384 quibus
1249 2313 1344 2364 usus
1365 2312 1443 2376 est,

42 2386 168 2436 facile
194 2407 338 2454 aequus
362 2395 536 2457 quisque
566 2387 797 2438 condonet.
866 2391 928 2435 Ita
953 2390 1070 2435 enim
1092 2389 1220 2452 graeci
1241 2399 1338 2433 ante
1359 2386 1443 2431 Po·

44 2457 214 2517 lybium
232 2456 456 2525 scriptores
473 2458 527 2508 de
545 2460 668 2507 rebus
689 2460 922 2514 Romanis,
954 2475 1058 2504 cum
1079 2460 1220 2503 ieiune
1246 2458 1293 2502 &
1318 2452 1441 2501 exim.

43 2540 133 2582 ter,
159 2539 252 2575 tum
280 2525 472 2592 perverse
492 2533 539 2578 ὅ(
559 2527 736 2576 ridicule
766 2524 1049 2583 tradiderant,
1074 2538 1145 2585 ut,
1163 2541 1359 2592 *qupmm
1376 2539 1442 2578 ern

44 2612 162 2644 rores
183 2594 475 2645 demonstrare
494 2611 617 2664 atque
636 2591 946 2661 reprehendere
971 2595 1110 2650 vellet,
1140 2611 1279 2660 neque
1299 2588 1443 2641 faeere

43 2661 204 2730 polset,
232 2669 337 2733 quin
366 2667 411 2714 id
437 2681 605 2733 ageret,
639 2683 714 2712 eos
742 2668 815 2712 vix
874 2661 979 2712 osset
1008 2663 1097 2711 fine
1123 2662 1349 2711 stomacho
1378 2657 1444 2709 di·

42 2737 229 2783 mittere.
296 2737 467 2788 Deinde
498 2735 704 2785 rusticitas
731 2751 823 2850 quiae
858 2752 932 2782 am
958 2750 1137 2783 morum
1161 2749 1218 2781 ex
1246 2733 1444 2781 oratione

832 2819 856 2862 3
1301 2817 1446 2851 erum·
