1676 3164
206 208 304 256 1.1.
339 206 594 255 REISKE
628 205 824 254 PRAEF.
856 205 950 253 AD
982 205 1134 253 Pon
1159 205 1307 252 SVA.
1382 220 1451 260 ιι

41 331 190 390 ‚modo
216 329 438 388 dicebam,
478 328 534 378 ad
565 348 690 386 eum,
725 331 878 396 quibus
906 334 1081 396 quis‘que
1107 325 1266 395 poffet,
1303 328 1447 378 modis

51 400 324 458 ornandum,
350 399 476 466 signo
497 398 611 466 quafi
629 396 793 446 sublato
814 413 1125 446 concurrerent.
1193 401 1264 446 Ne
1274 403 1447 464 ⁵primos

49 471 146 519 illos
170 489 290 519 nunc
318 486 664 517 commemorem
693 468 861 529 Polybii
889 468 1073 515 editores
1089 481 1214 533 atque
1245 471 1447 534 interpre-

50 553 138 596 tes,
172 538 226 588 de
252 539 402 606 quibus
434 535 509 585 suo
537 537 640 585 loco
670 537 804 602 paulo
835 535 931 602 post
960 535 1202 601 diligentius
1231 534 1444 595 differam,

50 626 169 657 nunc
194 612 275 657 hos
302 606 555 655 noviffimos
586 605 892 654 tantummodo
917 609 1145 670 attingam,
1170 623 1355 671 quotum
1378 607 1446 654 lu·

52 679 320 726 cubrationes
345 679 417 723 vix
445 694 495 723 ac
521 693 575 722 ne
601 679 673 722 vix
700 673 876 741 quidem
905 674 1041 722 oculis
1072 671 1291 740 usurpavi,
1324 679 1370 722 ὅ(
1389 673 1444 722 de

7 752 14 762 ’
82 747 203 794 uibus
231 742 690 794 fandosolummodo
724 742 926 792 inaudivi.
997 747 1119 808 Qos
1146 747 1256 791 inter
1284 761 1444 808 agmen

50 765 170 864 ducit
195 812 442 869 Follardus,
471 817 541 879 qui
572 811 743 878 lignum
772 811 886 879 quasi
907 813 1060 860 extulit
1081 809 1276 860 insecutis
1296 812 1445 878 Anglis

50 886 359 949 Germanisque
379 881 556 938 nostris,
587 886 659 948 qui
677 882 729 929 ab
749 882 821 929 illo
843 879 1121 929 Gallofranco
1140 883 1310 930 tribuno
1329 881 1443 932 mili-

49 965 144 1002 tum
172 956 341 1000 excitati
372 949 427 998 de
456 951 638 1012 Polybio
665 952 833 1016 anglice
861 955 1191 1017 germaniceque
1218 948 1443 1011 reddendo

50 1015 241 1086 cogita're
269 1029 530 1086 coeperunt.‘
580 1023 759 1066 Viennae
788 1019 1014 1067 Austriacae
1038 1024 1158 1067 aiunt
1181 1024 1227 1067 ὅ(
1254 1020 1441 1067 Berolini

50 1090 155 1140 duas
181 1088 338 1138 eodem
365 1104 559 1154 tempore
585 1101 746 1136 curatas
768 1089 933 1151 Polybii
952 1090 1218 1154 germanicas
1239 1092 1442 1154 interpre-

50 1163 243 1209 tationes.
289 1160 451 1207 Neutra
470 1161 587 1206 enim
606 1156 661 1204 ad
683 1162 835 1207 manus
853 1157 1015 1206 nostras
1035 1161 1238 1223 pervenit.
1274 1161 1443 1206 Poterat
1496 1154 1499 1156 ’

47 1232 135 1278 hoc
153 1227 394 1276 nostrorum
409 1226 598 1274 studium
616 1224 671 1273 ad
692 1227 871 1276 levitatis
884 1224 1105 1295 quoddam
1123 1244 1257 1291 genus
1281 1225 1444 1283 referri,

49 1294 167 1346 unde
185 1315 336 1362 parum
355 1296 502 1361 gloriae
520 1295 574 1343 ad
594 1296 848 1358 Polybium,
874 1315 1029 1363 parum
1047 1293 1211 1344 frudus
1229 1295 1283 1343 ad
1306 1294 1443 1342 studia

44 1367 271 1415 literarum
293 1365 460 1412 rediret.
526 1367 678 1414 Fervet
695 1369 812 1414 enim
831 1369 918 1414 hoc
936 1363 1161 1422 saeculum,
1189 1364 1305 1431 quod
1325 1383 1443 1413 nune

49 1438 243 1501 agimus,
281 1432 629 1482 conversionibus
663 1438 710 1481 in
751 1434 944 1500 linguam
986 1434 1175 1482 nostram
1214 1430 1443 1482 auctorum

39 1520 187 1567 omne
216 1520 375 1569 genus,
408 1517 626 1559 veterum,
657 1507 931 1561 recentium,
953 1501 1268 1560 francicorum,
1308 1502 1443 1568 angli-

53 1589 235 1628 corum,
259 1576 304 1628 &
326 1575 563 1620 imitatione
585 1570 847 1630 studiorum,
878 1577 923 1621 in
939 1574 1091 1640 quibus
1103 1574 1217 1622 ultra
1237 1575 1446 1631 Rhenum

39 1645 101 1702 .&
141 1641 252 1689 ultra
282 1645 514 1692 Oceanum
550 1640 676 1706 pofiti
713 1642 864 1707 populi
901 1639 1128 1691 versentur.
1193 1644 1444 1707 ,Coeperunt

52 1714 183 1765 etiam
210 1708 324 1759 haud
353 1715 408 1757 ita
435 1710 604 1774 pridem
633 1710 762 1758 nostri
790 1728 954 1776 graecos
977 1713 1171 1759 auctores
1193 1711 1454 1776 germanico·

53 1772 341 1844 interpretari3
389 1796 479 1844 quo
514 1797 538 1826 e
574 1793 731 1827 conatu
765 1794 813 1827 ut
837 1778 893 1828 ad
923 1781 1142 1828 literarum
1170 1778 1455 1845 splendorem.⁸

51 1851 280 1915 patriaeque
321 1846 449 1895 decus
485 1866 616 1914 quam
657 1848 893 1915 plurimum
928 1849 1121 1906 accedat,
1163 1851 1309 1898 Deum
1348 1865 1444 1896 oro.

51 1914 288 1982 Auspicatis
308 1920 423 1964 enim
442 1917 582 1965 verbis
596 1921 676 1974 uti,
698 1935 829 1984 quam
845 1916 946 1966 diris
966 1919 1200 1974 ominibu8‚
1222 1915 1346 1966 satius
1357 1916 1453 1979 ..esta

51 1987 179 2035 Dabo
206 1988 291 2033 hoc
316 1989 465 2050 patriae,
485 1989 668 2043 caritati,
694 2000 741 2034 ut
765 1988 872 2034 bene
887 1986 941 2035 de
957 1985 1141 2036 fortunis
1162 1992 1250 2035 eius
1271 1984 1460 2034 ominet-

52 2058 215 2119 magis,
246 2072 400 2119 quam,
434 2067 482 2102 ut
500 2054 673 2103 instituti
690 2073 764 2103 me
783 2060 989 2121 poenitere
1008 2061 1139 2112 aiam,
1166 2074 1258 2104 non
1274 2054 1445 2121 peffimi

52 2123 166 2171 illius
190 2121 392 2188 quidem,
429 2127 474 2170 in
500 2141 587 2192 quo
612 2137 756 2173 tamen
784 2124 899 2174 haud
925 2122 1222 2192 lapientiffima
1238 2142 1318 2173 nos
1341 2124 1445 2172 con-4

53 2190 146 2240 filia
171 2188 290 2258 sequi
311 2190 498 2242 videam.
565 2193 652 2258 Qi
680 2212 835 2260 parum
859 2191 1021 2242 soleam
1038 2195 1173 2243 aliena
1195 2211 1365 2250 curare,
1397 2196 1444 2242 dt

51 2277 140 2327 quo
158 2264 294 2326 magis
314 2274 432 2308 aetate
449 2262 658 2330 literisque
675 2262 874 2327 proficio,
893 2281 947 2310 eo
965 2269 1105 2330 magis
1123 2261 1308 2329 satagere
1329 2268 1446 2310 mea·

52 2347 151 2376 rum
188 2347 332 2377 rerum
370 2328 585 2387 studeam,
618 2329 749 2379 nasuti
778 2329 962 2380 censoris
990 2350 1175 2398 operum
1206 2333 1450 2380 alienorum

51 2394 278 2463 personam
297 2396 513 2464 oefugiam
533 2414 659 2466 atque
678 2398 879 2457 detester,
912 2400 1029 2467 quod
1054 2398 1128 2448 usu
1146 2420 1308 2456 rerum,
1338 2395 1448 2465 saepe

53 2469 451 2532 mihiwperacerbo,
481 2467 731 2527 didicerim,
762 2473 807 2516 in
835 2467 1199 2536 iudicandosaepe
1216 2487 1294 2516 nos
1312 2482 1445 2515 teme·

54 2539 175 2584 ritate
201 2536 309 2593 labi,
335 2541 388 2586 ἀ,
405 2536 536 2585 nostri
565 2536 783 2586 iudicandi
806 2538 997 2600 libertate
1016 2540 1121 2586 alios
1139 2536 1304 2586 offendi
1327 2541 1373 2585 ὅ(
1391 2535 1447 2585 ad

35 2603 406 2653 .recalcitrandum
443 2609 619 2663 irritari,
658 2605 747 2654 vidi
780 2620 924 2655 tamen
958 2612 1044 2656 hoc
1073 2611 1117 2655 in
1155 2624 1314 2672 genere
1339 2610 1448 2653 eius-

52 2671 177 2720 modi
205 2672 422 2740 quaedam‚
448 2692 542 2741 quae
573 2672 675 2722 suos
704 2677 898 2724 audiores
928 2695 983 2724 ne
1004 2680 1250 2742 germanice
1271 2673 1449 2742 quidem

34 2739 169 2801 fitis,
200 2740 364 2791 nedum
391 2760 529 2810 graece
557 2743 711 2793 callere
736 2743 994 2796 testarentur.
1066 2750 1128 2796 Vt
1155 2748 1362 2813 coeperim
1391 2741 1448 2791 de

823 2811 853 2862 d
894 2830 920 2864 2
1348 2825 1445 2861 toto
