1676 3164
398 200 516 250 *AD
548 195 685 249 SVA
715 192 1130 248 POLYBIANA.
1183 193 1187 198 ’
1394 204 1485 246 1.1x¹

60 328 62 331 ’
85 333 215 384 literis
236 331 383 396 graecis
403 329 568 394 optime
584 328 774 374 meritus.
823 327 992 373 Primos
1014 323 1081 372 ille
1104 317 1273 386 polybii
1294 326 1483 392 quinque
1514 364 1517 366 ,

88 403 219 451 libros
247 403 410 467 primus
435 413 574 462 graece
600 397 712 460 typis
739 396 973 441 Secerianis·
999 397 1222 459 Hagenoae
1252 397 1307 440 A.
1340 407 1482 454 1530.

86 469 248 525 edidit,
279 486 303 517 e
333 463 511 519 codice,
544 463 598 512 de
629 480 716 530 quo
744 460 830 528 ipse
855 481 991 529 pauca
1019 466 1110 509 lsaec
1137 466 1365 511 memoria
1381 473 1487 530 pro«

91 538 225 589 didit:
294 539 443 597 „Cum
472 551 566 591 non,
589 531 676 581 fine
699 545 866 589 mente,
896 548 987 579 non
1014 530 1103 579 fine
1121 534 1298 580 numine
1317 530 1485 590 divum,

91 626 252 675 „opera
279 601 526 654 ornatiffimi
550 605 652 658 viri,
683 602 829 648 Iacobi
847 604 1019 650 Ottonis
1039 601 1229 658 AEtzelii,
1262 598 1486 651 c'aussrum

90 680 298 741 „oratoris
315 676 484 740 optimi,
502 671 671 732 Polybii
689 670 873 736 reliquiae
892 672 1030 735 'graece
1043 668 1098 718 ad
1115 688 1266 718 manus
1279 668 1373 719 suas
1388 678 1488 738 per-'

89 742 349 808 „veniffent,
385 737 574 789 exiluiffe
601 736 642 788 se
670 737 879 805 gaudio.“
908 765 976 776 --
1031 737 1161 787 Vnde
1190 739 1257 787 ille
1281 741 1488 790 AEtzelius

91 813 292 864 codicem
315 812 438 860 iilum
459 811 679 865 habuerit,
710 806 905 863 suumne,
935 826 990 855 an
1013 807 1217 866 alienum,
1245 808 1482 875 nescimus3
1506 831 1509 834 ⁴

90 895 183 953 quo·
205 887 308 931 item
337 880 576 937 devenerit3
607 882 676 934 ἀ,
706 881 752 926 in
775 895 861 946 quo
883 881 1072 925 maxime
1093 878 1362 936 laboramus,
1389 878 1484 946 plu-

90 970 214 1003 resne
245 951 413 1013 Polybii
450 947 622 996 codices
655 964 784 1013 penes
814 944 1082 1011 Obsopoeum
1109 947 1289 1006 fuerint,
1330 948 1374 997 id
1401 965 1486 1000 nos

90 1023 218 1090 plane
239 1020 422 1069 celatum
441 1017 600 1074 voluit,
625 1034 705 1083 pro
721 1035 785 1073 ea,
811 1034 903 1082 quae
925 1015 1095 1063 illorum
1116 1031 1203 1065 erat
1219 1031 1484 1085 temporum,

89 1090 299 1147 tarditate,
327 1106 408 1156 qua
428 1085 593 1136 fac'ium
612 1086 694 1142 est,
725 1089 834 1133 utin
852 1088 977 1150 nugis
995 1086 1056 1133 ini
1077 1085 1376 1136 consumerent
1389 1085 1489 1138 suas'

90 1158 383 1229 praefatione83
418 1175 513 1224 quae
547 1171 650 1204 rem·
675 1158 968 1212 continerent,
1007 1173 1056 1203 ea
1090 1161 1373 1221 praeterirent,
1409 1161 1494 1223 qui-

90 1226 263 1279 fuiffent
292 1225 354 1275 sui
381 1226 574 1279 codices,
610 1223 725 1272 unde
752 1226 952 1279 extracti,
993 1243 1076 1292 qua
1103 1223 1192 1274 fide
1223 1223 1300 1292 ipfi
1333 1225 1484 1275 versati

91 1298 174 1348 fint
194 1302 239 1345 in
261 1301 310 1344 iis
328 1293 640 1362 exprimendis,
671 1292 774 1359 quid
796 1290 986 1359 ipsorum
1005 1298 1196 1359 ingenio,
1230 1294 1334 1363 quid
1353 1297 1490 1345 libro«

95 1387 191 1417 rum
211 1368 449 1414 auctoritati
472 1369 518 1414 in
531 1367 717 1429 'acceptis
734 1361 1003 1410 referendum
1024 1362 1096 1420 fit,
1123 1382 1172 1412 ea
1191 1370 1338 1413 omnia
1356 1370 1490 1414 tacita'

93 1440 437 1486 transmitterent.
471 1462 534 1471 -—
582 1432 656 1482 Est
683 1435 812 1497 igitur
831 1435 920 1480 haec
938 1430 1070 1480 editio
1093 1434 1261 1496 Polybii
1289 1440 1488 1502 princeps

95 1527 121 1555 a
142 1508 368 1554 Gronovio
390 1500 575 1569 inspecta
593 1502 662 1550 illa
681 1499 883 1568 quidem,
910 1514 952 1548 at
971 1519 1061 1549 non
1080 1506 1134 1550 ita
1158 1503 1405 1570 diligenter,
1437 1517 1489 1554 ut

95 1579 203 1624 mihi
220 1573 373 1639 *relicta
401 1590 491 1620 non
522 1571 573 1620 fit
599 1569 717 1637 seges
745 1572 956 1619 bonarum
983 1570 1219 1620 lectionum
1241 1573 1359 1622 haud
1380 1589 1487 1623 con-⁶

94 1642 339 1694 temnenda.
408 1640 622 1690 Nondum
654 1637 748 1688 satis
781 1637 980 1688 consuevi
1000 1660 1117 1688 <cum
1154 1640 1374 1691 Bafileenfi
1411 1642 1485 1692 seu
1543 1660 1561 1667 f

95 1716 414 1778 Herwagiana‚
447 1724 494 1758 ut
513 1710 737 1759 decernere
755 1708 928 1775 posfim,
964 1714 1034 1777 qui
1052 1720 1148 1759 eam
1168 1728 1384 1770 curarunt,
1406 1713 1487 1761 ini-

97 1800 152 1832 ne
172 1786 299 1848 primi
319 1778 565 1829 induxerint
583 1797 653 1827 eas
669 1778 899 1835 lectiones,
933 1782 978 1826 in
995 1781 1146 1846 quibus
1165 1779 1488 1830 Casauboniana

97 1854 152 1901 ab
173 1855 391 1900 Seceriaua
410 1846 479 1896 seu
499 1847 780 1914 Hagenoe‘nfi
798 1845 1001 1905 discedit,
1032 1868 1086 1896 an
1106 1847 1398 1909 Casaubonus,
1419 1851 1487 1900 vel

72 1955 75 1957 -
96 1922 274 1971 Fulvius
294 1918 496 1975 Vrsinus,
523 1936 653 1986 quem
675 1914 950 1965 Casaubonus
969 1922 1014 1965 in
1030 1919 1173 1967 multis
1192 1918 1355 1969 secutus
1373 1919 1490 1969 vide-

30 1994 36 1998 '
96 2004 165 2039 tur
183 1986 290 2045 effe,
317 1990 468 2036 audior
482 2004 630 2036 earum
652 1984 1024 2052 discrepantiarum
1055 1985 1194 2038 fuerit.
1264 1993 1367 2039 Non
1389 2008 1491 2057 pau·

100 2078 169 2108 cas
187 2062 322 2124 reperi
345 2061 390 2104 in
407 2055 595 2104 editione
611 2054 850 2105 Casauboni
872 2056 1075 2104 lectiones
1091 2075 1263 2124 pravas,
1293 2079 1395 2126 quas
1417 2072 1491 2107 aut

99 2125 399 2182 Casaubonus,
441 2139 512 2173 aut
541 2124 742 2183 VrfinuS,
783 2138 854 2172 aut
890 2130 1129 2193 quicunque
1166 2128 1271 2176 alius
1314 2132 1495 2185 invexit,

101 2215 270 2253 errore,
297 2192 413 2262 quod
442 2208 589 2243 earum
612 2195 878 2250 lefiionum,
906 2213 996 2262 qua:
1021 2199 1066 2242 in
1085 2197 1362 2263 Hagenoenfi
1385 2195 1496 2254 sunt,

101 2271 218 2322 vim,
238 2283 341 2314 cum
365 2262 459 2312 sunt
475 2265 622 2322 bonae,
653 2262 877 2330 cognitam
889 2261 1237 2332 perspectamque
1255 2285 1346 2315 non
1366 2269 1496 2315 habe·

103 2348 220 2392 rent,
251 2349 325 2382 aut
350 2351 455 2382 cum
481 2330 575 2380 suut
595 2333 758 2392 *malae,
801 2349 891 2381 non
917 2330 1011 2389 fic,
1042 2347 1091 2381 ut
1125 2338 1351 2402 oportebat
1385 2337 1496 2393 fieri,

104 2403 397 2461 emendarint3
433 2401 552 2468 quod
584 2415 810 2468 utrumque
842 2419 979 2468 genus
1006 2403 1140 2468 vulgo
1174 2402 1499 2470 παραῶεςθώι

105 2493 198 2524 oeus·
224 2469 297 2521 seu
325 2469 647 2519 emendationes
668 2467 835 2518 vitiosas
854 2471 1160 2538 appessitamus.
1212 2460 1343 2522 'Dedi
1368 2478 1500 2541 igitur

105 2559 299 2608 operam,
335 2555 382 2588 ut
403 2541 607 2588 lectiones
623 2538 919 2605 Hageno’e‘nfis
941 2543 1066 2588 huius
1086 2541 1265 2603 codicis,
1292 2563 1388 2611 qua:
1408 2561 1500 2591 non

106 2608 238 2658 effent
263 2607 495 2658 manifestae
521 2606 717 2666 mendae,
749 2607 1006 2674 indicarem3
1052 2629 1235 2677 quarum
1274 2614 1374 2661 alias
1411 2611 1501 2661 fine

105 2677 260 2735 laude,
291 2679 390 2726 alias
408 2678 496 2726 fine
512 2691 613 2726 nota
634 2681 932 2735 transmittens,
962 2682 1006 2726 in
1026 2678 1174 2728 medio
1196 2680 1340 2747 posui,
1375 2686 1502 2729 meri-

108 2761 168 2796 tas
187 2761 329 2797 autem
350 2744 727 2796 commendatione
746 2744 962 2812 infiguivi.
1000 2752 1053 2797 ln
1070 2745 1155 2817 quo
1173 2755 1278 2820 quin
1295 2765 1503 2816 magnam

1335 2825 1506 2869 inierim
