1676 3164
218 222 291 257 ιιι
525 203 562 251 1.
595 206 630 253 1.
662 203 915 259 REISKE
948 201 1318 257 PRAEFATIO

223 335 327 380 toto¹
345 333 432 379 hoc
459 345 616 395 genere
644 325 875 394 desperare.
954 331 1043 378 Aut
1067 326 1161 377 satis
1191 329 1424 386 habemus,
1454 345 1620 396 graeco·

222 402 418 455 nudiores
441 417 465 446 e
491 397 804 464 francogallicis
831 399 1269 464 interpretationibus,
1293 417 1397 466 quas
1410 398 1622 448 vitiofissi'-

225 487 317 519 mas
336 466 417 516 effe
436 471 636 515 onmium
658 466 923 516 confeffione
941 466 1126 522 constat,
1155 472 1402 532 germanice
1421 467 1620 524 reddere,
1674 474 1676 479 '

225 553 299 588 aut
318 536 464 586 nostro
487 552 620 584 marte
640 554 713 584 eos
739 541 795 584 ita
813 535 1001 585 redditos
1021 535 1316 594 venditatum,
1342 551 1390 585 ut
1409 554 1501 585 non
1521 534 1620 605 pos·-

225 607 307 657 smt
323 609 519 655 homines
541 619 660 653 aetate
681 603 751 652 sua
770 611 814 653 in
832 603 1083 672 sapientibus
1104 607 1236 654 habiti
1255 605 1524 672 sapientibus,
1543 610 1620 674 qui
1665 636 1667 638 -

224 675 356 727 bodie
384 673 506 733 sunt,
539 693 628 722 non
656 671 826 723 sordere
857 680 903 724 &
932 672 1085 722 derisui
1111 672 1206 724 esse.
1275 674 1491 724 Nondum
1521 673 1648 725 satis»

227 745 479 811 diligentem
504 748 649 810 graecis
675 744 801 792 literis
823 762 1000 810 operam
1017 748 1290 802 navavimus,
1321 758 1372 792 ut
1391 749 1621 810 negotium

226 819 316 866 hoc
346 812 623 862 convertendi
651 831 673 860 e
701 818 847 878 graecis
862 811 1062 880 prospere
1082 812 1362 881 decenterque
1383 816 1508 862 nobis
1529 811 1622 862 suc-o

226 882 378 934 cedere
398 883 540 950 poffit.
608 885 725 931 Facit
746 897 889 930 tamen
901 886 1019 940 hoc,
1039 886 1085 929 in
1105 882 1224 949 quod
1244 884 1297 930 ab
1316 883 1482 950 aliquot
1499 886 1624 931 annis

226 950 412 1004 exarsere
430 954 586 1000 librarii
605 951 733 999 nostri
746 989 759 1009 ‚
787 950 974 1006 studium
993 969 1155 1018 graecos
1172 950 1459 1000 austeres-sua
1473 955 1625 1019 primi*>
1661 996 1663 999 .

225 1026 355 1090 genia
378 1026 570 1071 oratIOne
591 1034 755 1069 utentes
781 1026 894 1087 typis
921 1019 1002 1070 suis
1031 1020 1286 1078 recudendi,
1316 1034 1364 1069 ut
1390 1019 1624 1088 speremus,
1656 1081 1661 1084 ἢ

225 1092 349 1147 fore,
372 1098 425 1139 ut'
447 1094 561 1139 brevi
588 1090 685 1156 post
717 1093 845 1150 etiam
872 1094 962 1138 haec
992 1090 1106 1138 labes
1137 1090 1317 1138 tollatur.
1387 1092 1555 1158 Qibus
1575 1095 1623 1140 in

226 1162 471 1212 auctoribus
502 1164 648 1226 graecis
674 1160 884 1225 elegantia
912 1163 1313 1225 typographeorum
1340 1159 1626 1226 Lipfiensmm

227 1228 365 1297 nuper
389 1228 628 1278 admodum
655 1229 898 1276 illuminatis
917 1247 1006 1277 non
1024 1229 1226 1276 infimum
1243 1229 1391 1278 locum
1414 1231 1627 1278 obtinebit

226 1301 455 1362 Polybius,
501 1317 606 1347 cum
647 1301 692 1346 in
732 1317 884 1347 manus
921 1301 1152 1347 hominum
1192 1302 1459 1363 pervenerit,
1503 1297 1624 1365 quod

225 1370 359 1439 paulo
388 1367 482 1435 post
509 1368 609 1425 fiet,
636 1367 798 1434 publici
826 1371 925 1416 iuris
952 1366 1113 1423 fadus,
1147 1371 1219 1434 qui
1248 1387 1364 1416 nunc
1390 1365 1466 1416 sub
1488 1367 1625 1416 oculis

228 1437 513 1490 moderatoris
541 1436 815 1493 dexterrimi,
845 1437 1026 1485 Ernessii
1053 1440 1107 1484 V.
1137 1441 1189 1485 C.
1217 1441 1263 1485 ὅ(
1295 1441 1420 1486 omni
1447 1435 1502 1485 de
1529 1435 1626 1484 lite·

226 1523 367 1560 ratura
395 1507 653 1572 elegantiore
681 1506 868 1573 preclare
895 1509 1058 1562 meriti,
1078 1523 1318 1573 'operarum
1345 1505 1626 1572 Breitkopfia·
1654 1550 1657 1553 .

227 1575 471 1643 narumtdili
477 1581 665 1642 gentiam
686 1589 867 1625 exercet.
931 1581 1037 1643 Qae
1056 1592 1196 1640 operae
1216 1579 1262 1623 in
1281 1578 1483 1642 Diogene
1499 1579 1628 1624 Latit-¹

227 1653 291 1707 tio
319 1650 416 1695 artis
445 1652 490 1695 ὅ(
513 1644 741 1712 diligentia:
767 1643 849 1693 suae
875 1663 972 1694 eam
1001 1643 1136 1692 fidem
1167 1642 1381 1704 fecerunt,
1410 1640 1625 1694 utnullus

228 1717 439 1772 dubitem,
462 1734 561 1764 eum
584 1732 752 1782 quoque
773 1714 1002 1776 Polybium
1023 1715 1077 1762 ab
1095 1712 1294 1780 ipsis-effe
1314 1711 1628 1780 profed'turuuu

228 1792 300 1855 qui
328 1802 430 1834 cum
460 1788 737 1850 primogenio
763 1784 963 1850 exemplo
991 1780 1376 1831 Ainstelodamenfi
1404 1780 1460 1831 de
1486 1786 1632 1834 nitore·

172 1876 175 1882 ¹
232 1859 474 1922 caeterisque
498 1854 696 1902 laudibus
723 1857 821 1901 artis
841 1855 1164 1919 typographicae
1183 1850 1436 1911 contendat,
1471 1855 1516 1900 in
1535 1856 1627 1921 qui·

228 1923 411 1976 busdam
430 1928 560 1973 etiam
580 1924 771 1992 palmam
788 1923 851 1971 illi
872 1926 1032 1990 eripiat.
1076 1944 1082 1949 „

332 2066 384 2110 In
416 2065 496 2110 hac
525 2065 678 2127 igitur,
711 2080 805 2128 quae
834 2057 1023 2126 undique
1047 2056 1161 2108 faeta
1188 2057 1270 2115 est,
1298 2057 1531 2110 doctorum
1547 2059 1628 2105 ho·

230 2134 404 2188 minum
435 2130 488 2179 ad
520 2129 765 2178 ornandum
793 2130 1027 2190 Polybium
1056 2126 1375 2190 concursatione
1397 2124 1534 2174 deeffe
1559 2126 1654 2179 illi,

229 2202 398 2249 audior-i
423 2201 570 2256 nolui,
604 2219 627 2247 a
654 2203 774 2247 cuius
801 2198 988 2248 ledtione
1018 2216 1090 2245 me
1116 2196 1262 2262 saepius
1298 2211 1439 2262 neque
1473 2213 1628 2260 pamm

230 2270 493 2318 obled'tatum
524 2266 837 2325 meminissem3
881 2266 953 2315 sed
984 2286 1075 2334 quae
1105 2271 1149 2315 in
1177 2285 1278 2315 eum
1309 2264 1525 2313 observata
1560 2276 1629 2312 tot

228 2339 487 2389 lec'lionibus
514 2339 698 2385 collecta
729 2341 772 2384 iu
799 2340 1116 2384 commentariis
1138 2338 1364 2392 haberem,
1399 2351 1449 2381 ea
1473 2350 1629 2399 expro-

232 2427 353 2470 mere
375 2414 416 2457 ἂ·
441 2410 664 2474 publicum
684 2411 728 2453 in
749 2408 894 2454 locum
916 2406 1154 2471 producere
1172 2405 1356 2453 decrevi.
1400 2406 1502 2470 Qo
1523 2420 1626 2450 con-

230 2476 324 2526 filio
343 2475 611 2542 exsequendo
633 2476 732 2542 quid
757 2475 835 2522 fini
856 2474 950 2541 post
967 2475 1070 2522 alios
1091 2473 1356 2529 consecutus,
1374 2489 1503 2538 penes
1522 2467 1628 2518 alios
1664 2488 1666 2490 ·

232 2546 321 2594 esto
352 2546 575 2600 iudicium.
647 2549 759 2592 Mihi
792 2545 967 2611 quidem
993 2541 1101 2592 visus
1129 2541 1222 2591 sum
1254 2560 1344 2589 non
1365 2544 1548 2589 omnino
1562 2539 1630 2588 *nil

231 2613 375 2680 egisse.
444 2614 576 2679 Qod
596 2618 770 2681 quisque
790 2613 950 2679 potest,
973 2611 1005 2659 fi
1022 2614 1245 2661 liberaliter
1262 2611 1304 2658 id
1325 2614 1368 2658 in
1389 2626 1630 2658 commune

233 2682 426 2740 confert,
454 2684 639 2733 efficitur
664 2682 865 2739 tandem,
899 2698 946 2730 ut
974 2699 1221 2748 quacunque
1245 2686 1289 2727 in
1312 2698 1357 2727 re
1376 2684 1421 2728 ὅ(
1440 2693 1528 2727 arte
1545 2678 1630 2726 ela-

183 2821 185 2824 ·
231 2755 430 2811 boretur,
465 2762 516 2802 ea
553 2751 609 2801 ad
642 2750 918 2820 perfectionis
955 2751 1132 2800 culmen
1165 2750 1406 2807 extollatur.
1454 2750 1631 2864 ‚Nepue

1490 2835 1543 2864 au
1562 2834 1628 2864 im
