1676 3164
233 204 316 250 mv
522 206 558 251 1.
591 192 623 251 ιζ
660 205 911 252 REISKE
952 201 1328 255 PRAEFATlo

230 342 458 393 erumpens
488 330 533 374 in
563 330 741 376 homine
765 328 960 383 militari,
990 321 1120 395 quam
1152 328 1289 385 civili,
1320 325 1489 377 facilius
1516 321 1630 375 ferd&

231 399 311 443 tur.
382 393 464 442 Sed
490 395 719 457 Polybium
748 401 792 445 in
820 401 948 444 armis
977 402 1021 446 ὃ(
1048 396 1459 463 peregrinationibus
1491 395 1625 461 pluri·-

231 481 359 512 mum
380 467 506 512 aetatis
532 464 735 530 peregiss'e
757 466 933 528 constat.
1003 469 1084 514 Cui
1107 469 1335 513 hominum
1353 468 1499 530 generi
1519 461 1632 512 solet}

232 546 286 581 ex
306 533 373 581 illa
387 570 399 590 ,
428 552 557 598 quam
576 531 827 600 sequuntur,
854 539 948 582 vitae
968 537 1129 583 ratione
1147 535 1324 582 levitatis
1343 531 1501 599 aliquid
1520 544 1630 598 pue&

233 601 319 650 tilis
336 607 389 651 ’δε
421 603 528 651 illius
562 599 722 659 senilis,
756 622 885 670 quam
911 607 1047 650 Graeci
1077 604 1316 668 appellant,
1351 599 1627 663 ὀψιμαθίοιέ

233 669 536 729 adhaerescere,
565 690 657 738 quae
685 677 859 736 gemina
888 677 1018 720 animi
1047 673 1158 720 labes
1181 677 1223 720 in
1242 674 1364 719 rebus
1381 671 1629 718 communi-

233 741 311 787 bus
329 754 451 806 atque
470 745 671 788 omnium
691 739 766 789 usu
786 745 974 791 contritis
993 745 1185 794 oratione
1205 739 1408 788 iactandis
1426 744 1471 787 &
1494 737 1627 786 incul-

234 807 407 878 candis,
442 808 558 877 quafi
577 827 642 857 eae
670 828 734 865 res
762 830 783 858 a
815 829 959 859 rerum
990 808 1090 857 inde
1112 813 1326 875 principio
1349 807 1404 857 ad
1434 811 1519 856 hoc
1539 805 1630 866 diei

230 866 436 943 ig'noratae
455 883 500 926 &
517 897 634 928 nunc
652 883 845 944 primum
863 893 1037 946 repertae
1057 877 1201 936 effent,
1227 893 1321 927 tum
1343 882 1385 926 in
1405 889 1631 927 contemtu

233 952 279 996 ἁ
312 945 526 996 fastidiosa
557 947 700 995 alienae
729 947 958 1012 diligentiae
994 948 1258 1004 elevatione,
1301 951 1344 995 in
1369 944 1452 995 suae
1481 943 1631 1011 putidi

234 1015 517 1064 ostentatione
547 1033 621 1064 aut
647 1015 860 1065 industriae
887 1031 958 1064 aut
986 1021 1143 1083 peritiae
1162 1014 1400 1065 multifariae
1418 1013 1564 1064 odiose
1580 1019 1634 1064 de

233 1099 433 1152 proterve
459 1086 574 1134 velut
598 1083 790 1137 exsultat.
856 1089 973 1134 Cum
995 1086 1115 1134 locos
1134 1100 1390 1134 communes
1406 1083 1472 1133 vel
1490 1082 1634 1149 pasto-=

233 1155 350 1204 ribus
380 1155 532 1210 obvios
559 1153 649 1220 ipso
677 1158 722 1202 in
749 1173 880 1222 opere
907 1156 1075 1217 Polybii
1104 1159 1271 1220 integro
1303 1154 1428 1220 lego,
1469 1167 1630 1219 magna

237 1224 441 1271 orationis
466 1225 701 1273 ambitione
732 1223 998 1281 venditatos,
1026 1221 1181 1272 fero&
1210 1221 1416 1271 condono
1444 1222 1630 1288 reliquo·
1664 1217 1666 1222 ’

235 1308 334 1339 rum
358 1291 619 1357 praestantiae.
687 1292 771 1340 Sed
798 1291 986 1349 iudicio,
1021 1293 1086 1341 vel
1104 1293 1286 1341 tarditati
1305 1297 1446 1358 potius
1462 1290 1634 1338 carnifiz

237 1364 322 1422 cis,
350 1364 535 1427 quisquis
560 1358 629 1409 ille
657 1359 762 1419 fuit,
787 1366 859 1428 qui
887 1362 1116 1424 Polybium
1137 1363 1412 1410 membratim
1427 1372 1630 1409 contrua-⁷

227 1432 375 1486 cavit,
407 1427 654 1487 succenseo,
685 1432 759 1498 qui
786 1430 911 1479 satius
942 1430 1132 1488 duxerit,
1162 1445 1225 1479 tot
1251 1430 1435 1478 triviales
1457 1429 1579 1478 locos
1602 1433 1655 1493 ὲ,

234 1498 425 1559 Polybio
443 1513 638 1557 enotare,
665 1518 794 1566 quam
812 1499 1047 1567 infignium
1067 1518 1208 1548 rerum
1229 1500 1440 1566 gestarum
1459 1512 1632 1546 memoa

233 1570 316 1618 rias
338 1567 564 1633 posteritati
594 1573 888 1618 transmittere.
955 1573 1244 1618 Numeremus
1265 1574 1308 1616 in
1325 1571 1486 1617 caeteris‘
1501 1567 1630 1628 Polya

234 1634 295 1686 bii
323 1634 567 1685 infortuniis
601 1641 713 1688 hanc
745 1643 934 1687 hominis
962 1639 1073 1686 male
1105 1637 1243 1686 feriati
1276 1638 1518 1692 stultitiam,
1557 1638 1630 1683 cui

236 1707 364 1771 eaput
394 1706 506 1754 illius
532 1705 702 1756 adversa
735 1705 822 1756 sors
849 1710 1020 1756 obiecit.
1091 1706 1176 1755 Sed
1204 1721 1291 1755 tota
1318 1719 1464 1754 tamen
1491 1703 1633 1754 diffie

236 1773 384 1841 prodit
402 1777 624 1824 auclorem
651 1794 741 1825 non
768 1777 1116 1834 literatissimum,
1146 1775 1260 1824 tersae
1281 1774 1461 1844 quidem
1476 1773 1632 1823 didio*

235 1849 301 1893 nis
334 1848 390 1891 ita
419 1862 510 1892 non
541 1844 800 1902 studiosum,
840 1861 887 1894 ut
909 1844 1103 1912 supinam
1132 1850 1274 1912 potius
1302 1850 1349 1893 ὅ(
1373 1839 1633 1893 lutulentam

236 1913 306 1962 vel
335 1910 543 1961 affediass‘e
572 1914 788 1973 videatur3
829 1933 916 1983 quo
943 1935 998 1964 ne
1027 1919 1140 1983 quis,
1169 1919 1348 1982 opinor,
1377 1931 1484 1980 opus
1507 1913 1633 1979 lima?

237 1990 334 2030 tum
353 1987 398 2031 ὅ(
416 1983 678 2048 perpolitum
699 1985 979 2033 &lucernam
1009 1988 1187 2032 rhetoris
1215 1985 1337 2032 olens
1366 1984 1420 2030 ab
1451 1990 1530 2040 eo,
1555 1983 1631 2048 qui

234 2054 282 2099 in
309 2051 449 2100 castris
482 2057 528 2101 ὅ(
560 2056 776 2102 itineribus
809 2051 1107 2111 consenuisset,
1147 2051 1390 2119 profectum
1424 2069 1514 2099 non
1547 2046 1634 2098 effe·

237 2119 464 2170 diffideret.
552 2124 725 2180 Verb0,
764 2122 897 2171 dic‘iio
931 2127 1109 2188 patriam
1132 2123 1238 2170 olet.
1322 2124 1630 2170 Romanorum

235 2187 520 2239 studiosorem
546 2209 646 2239 eum
677 2190 824 2249 fixisse,
858 2211 985 2259 quam
1006 2210 1154 2240 verum
1175 2196 1220 2239 ὅ(
1245 2208 1415 2259 aequum
1437 2192 1632 2255 patiatur,

235 2263 383 2324 negari
413 2258 590 2325 quidem
621 2261 742 2310 nullo
764 2260 903 2310 modo
924 2260 1083 2327 potest,
1110 2279 1210 2308 cum
1232 2279 1296 2308 res
1315 2257 1400 2326 ipsa
1421 2259 1630 2325 loquatur.

234 2328 353 2375 Nam
376 2333 531 2395 quaein
557 2329 652 2396 ipfis
682 2345 828 2379 notare
857 2330 1049 2387 simulat,
1080 2327 1248 2388 suntea
1277 2334 1470 2395 primum
1494 2341 1631 2393 pauca

235 2415 444 2457 numero,
473 2412 566 2445 tum
586 2398 639 2447 ad
658 2395 810 2447 fucum
830 2400 1060 2448 lecioribus
1078 2397 1341 2455 faciendum,
1369 2407 1634 2447 caeterarum:
1666 2443 1669 2446 .

236 2468 319 2532 que
350 2465 530 2515 laudum
557 2463 872 2534 praedicationi,
910 2488 1010 2516 cum
1039 2467 1225 2516 modum
1253 2466 1459 2515 excedere
1491 2462 1633 2512 videa·

237 2543 331 2591 tur,
364 2535 500 2584 fidem
537 2549 656 2585 tanto
683 2535 851 2586 facilius
882 2535 1196 2586 conciliandam
1222 2548 1497 2602 comparatu
1537 2530 1635 2581 sun't

219 2602 424 2670 'denique
456 2605 640 2654 levia&
670 2607 898 2665 tralaticia3
941 2622 986 2654 ut
1015 2610 1143 2653 nimis
1173 2610 1303 2653 etiam
1337 2617 1530 2669 apertum
1558 2600 1633 2657 fit,

238 2678 337 2724 eu‘m
350 2710 364 2729 ,
399 2674 498 2721 c'um
516 2692 580 2722 res
599 2677 818 2724 Romanas
837 2676 1025 2731 extollit,
1061 2673 1396 2722 adversariorum
1415 2671 1632 2737 deprimit,

237 2746 456 2792 'oratorem
478 2762 607 2809 agere
631 2745 751 2810 alteri
779 2749 887 2811 parti
919 2743 1186 2801 studentem,
1205 2761 1305 2792 -non
1330 2744 1551 2791 auclorem
1573 2757 1634 2800 re·v

1535 2825 1634 2856 rum
