1676 3164
434 193 528 244 AD
554 192 687 242 svn
714 188 1138 244 ,PoLYmANA.
1375 207 1485 245 tvi!

159 323 329 377 ¹Iuvat,
355 321 451 387 quia
480 322 527 367 in
549 321 664 367 hunc
688 315 837 365 locum
860 311 1016 384 incidi,
1048 317 1101 362 iis
1125 330 1377 374 occurrere,
1409 315 1483 369 sed

84 389 292 446 breviter,
321 392 391 456 qui
403 425 417 446 ,
439 406 517 436 cur
531 407 556 437 a
576 389 723 453 graecis
740 384 984 438 audioribus
1005 381 1182 434 edendis
1199 386 1377 434 alienior
1394 392 1484 436 ani-

83 477 162 509 mo
181 456 311 508 effem
324 495 339 516 ,
368 476 441 506 me
458 455 676 506 interdum
696 458 1026 519 interrogarunt.
1091 455 1258 521 Qibus
1276 474 1377 506 cum
1397 458 1484 509 alia

32 547 38 550 ·
63 522 322 584 excusavi,
341 546 435 595 quae
464 530 543 577 hic.
560 539 748 591 repetere
778 525 839 573 nil
869 526 1040 579 attinet,
1072 524 1292 588 vulgaria,
1326 530 1484 590 partim

84 615 260 665 quoque
283 593 513 653 invidiosa,
537 592 607 644 sed
638 612 739 643 cum
764 607 913 641 natura
938 595 1129 640 humana
1151 597 1404 652 coniuncia,
1438 601 1485 649 δε

85 687 113 716 a
137 664 405 732 fimplicitate
432 683 610 714 morum
636 677 762 730 atque
779 663 1041 728 ingenuitate
1058 666 1105 710 ὅ(
1122 661 1291 728 pudore
1310 682 1400 713 non
1419 662 1486 716 su-

85 732 299 803 peranda,
328 738 515 784 cuicum
531 737 713 783 vanitate
732 736 779 780 ὅ(
797 729 976 783 audacia
994 736 1039 780 δ(
1060 729 1237 781 versutia
1255 738 1302 783 ἀ
1322 733 1488 800 cupidi·

16 827 18 829 ·
84 817 171 853 tate
186 808 410 853 contentio
430 803 514 858 est,
543 817 637 852 tum
657 820 789 851 unam
809 804 920 850 hanc
941 805 1089 850 reticui
1110 799 1277 850 causam
1305 808 1489 869 penitio-

84 866 197 930 rem,
215 892 349 940 quam,
363 872 418 924 ad
438 871 591 922 dodlos
606 876 807 922 homines
831 868 997 923 deferre
1016 889 1095 936 par
1112 872 1196 929 est,
1222 874 1372 939 quibus
1388 891 1492 927 eam

83 940 268 993 confido
296 961 369 992 me
396 941 523 992 facile
548 943 897 1009 approbaturum.
967 941 1202 989 Auctorem
1224 959 1416 1007 graecum
1435 947 1489 995 iis

85 1010 232 1063 mo'dis
251 1011 405 1070 edere,
432 1016 503 1080 qui
522 1031 627 1061 curn
642 1009 783 1078 ipsum
803 1008 980 1060 deceant
998 1024 1234 1077 ornentque
1255 1025 1380 1079 atque
1396 1013 1490 1063 inu,

86 1085 281 1139 minent,
314 1095 406 1135 tum
429 1099 582 1131 eorum
605 1079 741 1130 studia
766 1076 1009 1137 sublevent,
1033 1078 1066 1128 fi
1084 1084 1157 1146 qui
1179 1080 1288 1130 illius
1310 1083 1491 1135 leffloni

86 1155 230 1202 otium
257 1150 529 1217 studiumque
553 1146 676 1199 suum
695 1146 967 1205 consecrent,
993 1154 1040 1199 &
1060 1148 1285 1199 edentium
1304 1150 1493 1219 deniquo

89 1219 392 1276 existimationi
415 1218 722 1286 suffragentur,
750 1217 794 1266 id
813 1236 916 1267 vero
936 1218 1197 1284 perarduum
1218 1218 1300 1270 effe
1320 1227 1366 1272 ὅ(
1387 1241 1491 1287 pau«

86 1293 150 1338 cis
179 1288 327 1351 datum
352 1290 566 1340 existimo,
633 1286 948 1339 Reeudendam
984 1293 1127 1355 operis
1162 1295 1490 1358 typographicis

90 1361 275 1409 auctoris
292 1359 470 1408 alicuius
486 1357 726 1409 editionem
744 1358 934 1425 aliquam
957 1358 1088 1424 vulgo
1105 1361 1347 1425 probatam,
1365 1365 1492 1429 eique

89 1429 256 1478 notulas
277 1426 491 1479 subitarias
508 1432 764 1495 appingere,
794 1446 891 1479 mea
914 1425 1145 1493 indignum
1161 1427 1342 1498 persona
1362 1447 1489 1498 puto.

86 1501 264 1550 Chattis
285 1497 501 1548 eiusmodi
520 1495 832 1548 aetatemhaud
856 1494 1112 1555 ferentibus,
1145 1511 1192 1547 ut
1202 1502 1320 1550 ''vinis
1343 1504 1493 1566 patriae

90 1567 247 1620 limites
265 1572 355 1618 non
374 1565 695 1625 excedentibus,
710 1586 804 1616 non
823 1568 1009 1617 multum
1025 1568 1299 1635 proficimus,
1324 1568 1380 1620 ad
1397 1571 1495 1619 lite-2

89 1637 240 1687 rarum
263 1635 441 1704 quidem
458 1634 649 1688 fundum
667 1634 1025 1704 amplificandum
1044 1641 1090 1686 ὅ(
1108 1636 1318 1687 ditionem
1346 1638 1493 1707 profe·

91 1705 286 1757 rendam.
353 1705 522 1757 Editori
547 1720 714 1764 autem„
746 1710 821 1774 qui
846 1705 1024 1774 quidem
1042 1725 1209 1758 nomen
1229 1711 1316 1759 hoe
1334 1713 1495 1760 mereri

92 1781 140 1828 ὃ(
157 1780 265 1827 tueri
280 1776 405 1832 velit,
434 1789 499 1824 tot
519 1794 583 1826 res
599 1775 693 1828 sunt
707 1773 908 1842 agendae,
928 1795 1020 1843 qut
1041 1778 1497 1830 commentariensibus

93 1849 310 1897 committi
326 1859 563 1913 nequeant,
590 1860 655 1897 tot
674 1845 871 1897 curandae
883 1850 937 1897 ,ἀ
955 1843 1226 1912 evigilandae,
1251 1861 1317 1897 tot
1332 1847 1495 1916 scopuli

93 1915 474 1984 praeter-navigandi
489 1951 503 1971 ,
534 1927 584 1963 ut
610 1911 795 1981 refugiat
824 1920 992 1967 animus
1016 1915 1358 1968 recordationem
1379 1917 1497 1968 fasti.

93 1985 157 2034 dii
181 2000 304 2052 atque
331 1983 734 2051 reprehenfionum‚
765 1986 915 2052 quibus
936 1983 1076 2036 editor
1098 1990 1338 2054 quicunque
1355 2005 1496 2038 novus

95 2068 223 2121 eaput
246 2055 407 2105 obiicit.
475 2053 900 2113 Incendioinvidiae,
932 2059 979 2107 ὅτ.
1003 2053 1189 2119 fastidii,
1216 2061 1261 2105 &
1286 2057 1497 2107 stomachi

95 2128 308 2180 occurrit,
335 2127 521 2190 quisquis
539 2127 651 2174 hanc
671 2124 812 2172 aleam
834 2127 987 2183 iaciat3
1014 2128 1083 2172 cui
1098 2123 1309 2177 ‘incendio
1330 2132 1404 2178 vix
1421 2144 1501 2181 aua

93 2192 179 2242 fim
197 2212 341 2241 meam
359 2194 721 2242 existimationem
740 2191 876 2245 rursus
897 2198 1191 2251 committere,
1214 2196 1497 2264 posteaquam

92 2266 140 2312 in
158 2263 238 2311 illo
254 2280 394 2329 rogo,
425 2281 558 2330 quem
579 2261 740 2330 Caspai·
754 2266 1029 2313 Burmannus
1046 2261 1104 2312 ad
1123 2269 1371 2315 Petronium
1393 2283 1499 2313 con·

95 2331 327 2389 struxerat,
357 2351 479 2399 paene
502 2333 800 2399 conflagravit.
867 2332 1000 2400 Qod
1021 2337 1140 2382 enim
1162 2337 1274 2383 mihi
1297 2338 1499 2400 contigit,

93 2415 146 2450 ut
162 2401 389 2468 indigner,
418 2415 467 2450 ut
484 2402 752 2461 stomacher,
783 2417 831 2451 ut
848 2399 1033 2461 saeviam,
1057 2421 1159 2452 cum
1175 2401 1503 2462 Casaubonum,

93 2467 169 2520 sed
186 2484 396 2537 quantum
412 2475 558 2530 heroa,
577 2478 623 2521 in
639 2473 825 2534 Polybio
840 2470 1029 2528 videam,
1043 2477 1096 2530 ,in
1113 2475 1327 2522 Cicerone
1345 2476 1503 2523 vidio-

96 2543 237 2596 rium,
263 2540 368 2588 alios
391 2539 559 2590 divinos
572 2544 772 2591 homines
793 2546 840 2589 in
856 2542 946 2590 aliis
967 2543 1230 2600 aucloribuS,
1262 2541 1335 2592 seu
1354 2560 1505 2593 errove

97 2623 364 2667 occoecatos,
390 2607 460 2658 seu
481 2610 657 2660 libidine
680 2615 725 2659 &
745 2615 1072 2679 intemperantia
1094 2613 1240 2669 adies,
1272 2631 1352 2679 pro
1372 2615 1502 2663 bonis

95 2679 354 2730 lectionibus
375 2692 567 2728 veterum
592 2680 860 2738 editionum,
890 2696 963 2730 aut
981 2680 1111 2730 etiam
1133 2699 1214 2747 pro
1237 2681 1398 2732 vitiofis
1418 2682 1506 2732 illis

98 2745 307 2814 quidem,
341 2750 391 2797 iis
418 2762 567 2800 tamen
590 2750 882 2867 lectionibusgl
903 2768 928 2798 e
949 2749 1216 2822 quibusrsatis
1237 2752 1350 2802 clara
1372 2757 1418 2802 ὅ(
1439 2754 1506 2800 in·

914 2836 938 2883 5
1367 2819 1511 2888 fignia
